@book{Ake02,
	author = {{Akenine-M{\"o}ller, Tomas ja Haines, Eric}},
	date-Modified = {2015-11-04 00:55:47 +0000},
	edition = {2.},
	publisher = {A K Peters/CRC Press},
	title = {Real-Time Rendering},
	year = {2002}
	}

@book{Gre14,
	author = {Gregory, Jason},
	edition = {2.},
	publisher = {A K Peters/CRC Press},
	title = {Game Engine Architecture},
	year = {2014}
	}

@book{Puh08,
	Author = {Puhakka, Antti},
	Edition = {1.},
	Publisher = {Talentum},
	Title = {3D-grafiikka},
	Year = {2008}
}

@article{Laz05,
	author = {{Lazániy, István ja Szirmay-Kalos, László}},
	title = {Fresnel term approximations for metals},
	year = {2005},
	journal = {WSCG '2005: Short Papers: The 13th International Conference in Central Europe on Computer Graphics, Visualization and Computer Vision 2005 in co-operation with EUROGRAPHICS, s. 77-80.},
	publisher = {Václav Skala - UNION Agency}
}

@article{Vla01,
	Author = {{Vlachos, Alex ja Peters, J{\"o}rg ja Boyd, Chas ja Mitchell, Jason L.}},
	Journal = {I3D '01 Proceedings of the 2001 symposium on Interactive 3D graphics},
	Title = {Curved PN triangles},
	Year = {2001}}

@misc{Nvi03,
	Author = {{Nvidia Corporation}},
	Howpublished = {\url{http.developer.nvidia.com/CgTutorial/cg_tutorial_chapter01.html}},
	Title = {The Cg Tutorial},
	Type = {Internet tutorial},
	Year = {2003}}

@misc{Nvi10,
	Author = {{Nvidia Corporation}},
	Howpublished = {\url{http://www.nvidia.com/object/tessellation.html}},
	Title = {DirectX 11 Tessellation},
	Type = {Internet tutorial},
	Year = {2010}}

@misc{Khr15,
	author = {{Khronos Group ja SGI}},
	howpublished = {\url{https://www.opengl.org/wiki/}},
	journal = {OpenGL Wiki},
	title = {OpenGL},
	type = {Internet tutorial},
	year = {{2015}},
}

@book{She08,
	Author = {Sherrod, Allen},
	Edition = {1.},
	Publisher = {Charles River Media},
	Title = {Game Graphics Programming},
	Year = {2008}}

@misc{Mic11,
	Author = {Microsoft},
	Howpublished = {\url{https://msdn.microsoft.com/en-us/library/windows/desktop/ff476080(v=vs.85).aspx}},
	Journal = {Microsoft Internet Tutorial},
	Title = {Direct3D 11 Graphics},
	Type = {Internet tutorial},
	Year = {2011}}

@misc{Uni15,
	author = {{Unity Technologies}},
	title = {DirectX 11 and OpenGL Core},
	howpublished = {\url{http://docs.unity3d.com/Manual/UsingDX11GL3Features.html}},
	journal = {Unity Manual},
	year = {2015}
}
@misc{Pix15,
	author = {Pixar},
	title = {A Brief Introduction To RenderMan},
	howpublished = {\url{http://renderman.pixar.com/view/brief-introduction-to-renderman}},
	year = {2015}

}
@misc{Nvi12,
	Author = {{Nvidia Corporation}},
	Howpublished = {\url{http://http.developer.nvidia.com/Cg/}},
	Title = {Cg Documentation},
	Type = {Documentation},
	Year = {2012}}

@article{Sch14,
	author = {{Sch{\"a}fer, H. ja Niessner M. ja Keinert, B. ja Stamminger, M. ja C. Loop}},
	title = {State of the Art Report on Real-time Rendering with
Hardware Tessellation},
	year = {2014},
	journal = {EUROGRAPHICS 2014/ S},
	publisher = {The Eurographics Association}
}

@article{Nie15,
	author = {{Niessner M. ja Keinert, B. ja Fisher, M. ja Stamminger, M. ja C. Loop ja Sch{\"a}fer, H.}},
	title = {Real-time Rendering Techniques with Hardware Tessellation},
	year = {2015},
	journal = {COMPUTER GRAPHICS forum: Volume 34 (2015), Number x pp. 0–24},
	publisher = {The Eurographics Association and Blackwell Publishing Ltd}
}

@manual{Kes14,
	title = {The OpenGL® Shading Language},
	author = {{Kessenich, John, Baldwin, Dave ja Randi Rost}},
	year = {2014}
}